@misc{csp,
    author  = {{GomSpace}},
    title   = {{The CubeSat Space Protocol}},
    year    = {2020},
    note    = {Available at <\url{https://github.com/GomSpace/libcsp}>}
}
