@misc{driverlib,
    author  = {{Texas Instruments}},
    title   = {{MSP Driver Library}},
    year    = {2020},
    note    = {Available at <\url{https://www.ti.com/tool/MSPDRIVERLIB}>}
}
