@misc{floripasat2,
    author  = {{SpaceLab}},
    title   = {{FloripaSat-2 Documentation}},
    year    = {2021},
    note    = {Available at <\url{https://github.com/spacelab-ufsc/floripasat2-doc}>}
}
