@misc{freertos,
    author  = {{Amazon Web Services, Inc.}},
    title   = {{FreeRTOS - Real-time operating system for microcontrollers}},
    year    = {2020},
    note    = {Available at <\url{https://www.freertos.org/}>}
}
