@misc{fsi-conn,
    author  = {Samtec},
    title   = {{FSI-110-03-G-D-AD}},
    year    = {2020},
    note    = {Available at <\url{https://www.samtec.com/products/fsi-110-03-g-d-ad}>}
}
