@manual{msp430f6659,
    title           = {MSP430x5xx and MSP430x6xx Family User's Guide},
    key             = {SLAU208P},
    organization    = {Texas Instruments Inc.},
    month           = {October},
    year            = {2016}
}
