@misc{ngham,
    author  = {Jon Petter Skagmo},
    title   = {NGHam protocol},
    year    = {2014},
    note    = {Available at <\url{https://github.com/skagmo/ngham}>}
}
