@misc{obdh-fsat,
    author  = {{SpaceLab}},
    title   = {{On-Board Data Handling}},
    year    = {2019},
    note    = {Available at <\url{https://github.com/floripasat/obdh}>}
}
