@misc{obdh2-repo,
    author  = {{SpaceLab}},
    title   = {{On-Board Data Handling 2.0}},
    year    = {2020},
    note    = {Available at <\url{https://github.com/spacelab-ufsc/obdh2}>}
}
