@misc{obdh2-draftsman,
    author  = {SpaceLab},
    title   = {On-Board Data Handling 2.0 draftsman document},
    year    = {2020},
    note    = {Available at <\url{https://github.com/spacelab-ufsc/obdh2/tree/master/hardware/outputs/board_draftsman}>}
}
