@misc{reliance_edge,
    author  = {Datalight},
    title   = {Reliance Edge},
    year    = {2020},
    note    = {Available at <\url{https://www.datalight.com/products/embedded-file-systems/reliance-edge-overview/}>}
}
