@manual{tps382x,
    title           = {{TPS328x Voltage Monitor With Watchdog Timer}},
    key             = {SLVS165M},
    organization    = {Texas Instruments Inc.},
    month           = {July},
    year            = {2020}
}
